% Encoding: UTF-8

@online{aws2019,
author = {Amazon Web Services},
title = {Computação em nuvem com a AWS},
year = {2019},
url = {https://aws.amazon.com/pt/what-is-aws/},
urlaccessdate = {12 de setembro de 2019},
}


@online{computnuvem,
author = {Amazon Web Services},
title = {O que é a computação em nuvem?},
year = {2019},
url = {https://aws.amazon.com/pt/what-is-cloud-computing/},
urlaccessdate = {12 de setembro de 2019},
}


@online{reladataservice,
author = {Amazon Web Services},
title = {O que é Amazon Relational Database Service (Amazon RDS)?},
year = {2019},
url = {https://docs.aws.amazon.com/pt_br/AmazonRDS/latest/UserGuide/Welcome.html},
urlaccessdate = {12 de setembro de 2019},
}


@online{elasticbean,
author = {Amazon Web Services},
title = {O que é AWS Elastic Beanstalk?},
year = {2019},
url = {https://docs.aws.amazon.com/pt_br/elasticbeanstalk/latest/dg/Welcome.html},
urlaccessdate = {12 de setembro de 2019},
}


@online{flutter,
author = {Alexandre Freire},
title = {Porquê nós achamos que Flutter vai nos ajudar a escalar o desenvolvimento mobile no Nubank},
year = {2019},
url = {https://medium.com/flutter-comunidade-br/porqu%C3%AA-n%C3%B3s-achamos-que-flutter-vai-nos-ajudar-a-escalar-o-desenvolvimento-mobile-no-nubank-95d07b4554d7},
urlaccessdate = {05 de outubro de 2019},
}


@online{apiredhat,
author = {Red Hat},
title = {O que é uma API?},
year = {2019},
url = {https://www.redhat.com/pt-br/topics/api/what-are-application-programming-interfaces},
urlaccessdate = {08 de Novembro de 2019},
}


@Manual{meirellespesquisa29,
  title         = {29º pesquisa anual do uso de ti},
  author        = {Fernando S. Meirelles},
  year          = {2018},
  subtitle      = {Pesquisa anual realizada pelo GVcia - Centro de Tecnologia de Informação Aplicada da FGV-EAESP},
  url           = {https://eaesp.fgv.br/sites/eaesp.fgv.br/files/pesti2018gvciappt.pdf},
  urlaccessdate = {12 de setembro de 2019},
}


@Book{kotlinemacao,
  title     = {Kotlin em ação},
  publisher = {Novatec Editora},
  year      = {2017},
  author    = {Dmitry Jemerov and Svetlana Isakova},
  url       = {https://books.google.com.br/books?id=Qaw2DwAAQBAJ\&printsec=frontcover\&hl=pt-BR\&source=gbs_ge_summary_r\&cad=0#v=onepage\&q\&f=false},
}

@Book{sqlserevralemdoconceito,
  title     = {Sql server além do conceito},
  publisher = {B2U Editora},
  year      = {2015},
  author    = {Diego Nogare and Edvaldo Castro and Demetrio Silva and Marcel Inowe and Marcos Freccia and Ivan Lima and Fabiano Amorim and Sulamita Dantas and Marcelo Fernandes and Cibelle Castro and Leandro Ribeiro and Luciano Moreira and Nilton Pinheiro and Tiago Balabuch and Felipe Ferreira},
  url       = {http://www.diegonogare.net/SQLServer_Alem_do_Conceito-BlogPost_Collection.pdf},
}


@Book{graphqlrevolucionaria,
  title     = {GraphQL: A revolucionária linguagem de consulta e manipulação de dados para APIs},
  publisher = {Casa do Código},
  year      = {2019},
  author    = {Akira Hanashiro},
  url       = {},
}


@online{googlecp,
author = {Google},
title = {Google Cloud Platform Overview},
year = {2019},
url = {https://cloud.google.com/docs/overview/},
urlaccessdate = {12 de Setembro de 2019},
}

@online{routes,
author = {Google},
title = {Routes},
year = {2019},
url = {https://cloud.google.com/maps-platform/routes/?hl=pt&utm_source=google&utm_medium=cpc&utm_campaign=FY18-Q2-global-demandgen-paidsearchonnetworkhouseads-cs-maps_contactsal_saf&utm_content=text-ad-none-none-DEV_c-CRE_351280161018-ADGP_Hybrid+%7C+AW+SEM+%7C+SKWS+~+Routes+%7C+BMM+%7C+Routes+API-KWID_43700044401405868-kwd-514129573874-userloc_1001572&utm_term=KW_%2Broute%20%2Bapi-ST_%2Broute+%2Bapi&gclid=CjwKCAiAh5_uBRA5EiwASW3IarDv3AgcCVP9nyVZJj260wjE_yuugjRtd5dRLKx0qMP5m3qK2U7PQhoCBlAQAvD_BwE},
urlaccessdate = {12 de Setembro de 2019},
}


@Book{universoprograma,
  title     = {O universo da programação: Um guia de carreira em desenvolvimento de software},
  publisher = {Casa do Código},
  year      = {2018},
  author    = {William Oliveira},
  url       = {https://books.google.com.br/books/about/O_universo_da_programação.html?id=Z1J1DwAAQBAJ&source=kp_book_description&redir_esc=y},
}


@online{projetobdr,
author = {Rosaura Espírito Santo da Silva},
title = {Projeto de Banco de Dados Relacional},
year = {2012},
url = {http://tics.ifsul.edu.br/matriz/conteudo/disciplinas/_pdf/pbdr.pdf},
urlaccessdate = {5 de Novembro de 2019},
}

@Book{engenhariadesoftware,
  title     = {Engenharia De Software: Uma abordagem profissional},
  publisher = {Mcgraw Hill - Artmed},
  year      = {2016},
  author    = {Roger Pressman},
  url       = {https://books.google.com.br/books/about/Engenharia_De_Software.html?id=smNFvgAACAAJ&source=kp_book_description&redir_esc=y},
}

@Comment{jabref-meta: databaseType:bibtex;}
